<record><leader>00000cas a22000007a 4500</leader><controlfield tag="001">18298379</controlfield><controlfield tag="008">880801d19141915nduwr ne      0   a0eng d</controlfield><datafield ind1=" " ind2=" " tag="010"><subfield code="a">sn 88076524 </subfield></datafield><datafield ind1=" " ind2=" " tag="040"><subfield code="a">NOP</subfield><subfield code="b">eng</subfield><subfield code="c">NOP</subfield><subfield code="d">OCLCQ</subfield><subfield code="d">DLC</subfield><subfield code="d">OCLCF</subfield></datafield><datafield ind1="0" ind2=" " tag="022"><subfield code="a">2470-5454</subfield><subfield code="2">1</subfield></datafield><datafield ind1=" " ind2=" " tag="042"><subfield code="a">msc</subfield><subfield code="a">nsdp</subfield></datafield><datafield ind1=" " ind2=" " tag="043"><subfield code="a">n-us-nd</subfield></datafield><datafield ind1="0" ind2="0" tag="050"><subfield code="a">Newspaper</subfield></datafield><datafield ind1="1" ind2="0" tag="082"><subfield code="a">071</subfield><subfield code="2">23</subfield></datafield><datafield ind1="0" ind2=" " tag="130"><subfield code="a">Devils Lake world (Devils Lake, N.D. : 1914)</subfield></datafield><datafield ind1=" " ind2="0" tag="222"><subfield code="a">Devils Lake world</subfield><subfield code="b">(Devils Lake, N.D. 1914. Print)</subfield></datafield><datafield ind1="1" ind2="0" tag="245"><subfield code="a">Devils Lake world.</subfield></datafield><datafield ind1=" " ind2=" " tag="260"><subfield code="a">Devils Lake, N.D. :</subfield><subfield code="b">E.M. Crary</subfield></datafield><datafield ind1=" " ind2=" " tag="300"><subfield code="a">2 v. :</subfield><subfield code="b">ill. ;</subfield><subfield code="c">55 cm.</subfield></datafield><datafield ind1=" " ind2=" " tag="310"><subfield code="a">Weekly</subfield></datafield><datafield ind1="0" ind2=" " tag="362"><subfield code="a">Vol. 4, no. 15 (Apr. 10, 1914)-v. 5, no. 4 (Jan. 21, 1915).</subfield></datafield><datafield ind1=" " ind2=" " tag="530"><subfield code="a">Available on microfilm from the State Historical Society of North Dakota.</subfield></datafield><datafield ind1=" " ind2=" " tag="530"><subfield code="a">Archived issues are available in digital format from the Library of Congress Chronicling America online collection.</subfield></datafield><datafield ind1=" " ind2="0" tag="651"><subfield code="a">Devils Lake (N.D.)</subfield><subfield code="v">Newspapers.</subfield></datafield><datafield ind1=" " ind2="7" tag="655"><subfield code="a">Newspapers.</subfield><subfield code="2">fast</subfield><subfield code="0">(OCoLC)fst01423814</subfield></datafield><datafield ind1=" " ind2="7" tag="651"><subfield code="a">North Dakota</subfield><subfield code="z">Devils Lake.</subfield><subfield code="2">fast</subfield><subfield code="0">(OCoLC)fst01221789</subfield></datafield><datafield ind1=" " ind2=" " tag="752"><subfield code="a">United States</subfield><subfield code="b">North Dakota</subfield><subfield code="c">Ramsey</subfield><subfield code="d">Devils</subfield></datafield><datafield ind1="0" ind2="8" tag="776"><subfield code="i">Online version:</subfield><subfield code="t">Devils Lake world (Devils Lake, N.D. : 1914)</subfield><subfield code="x">2470-5462</subfield><subfield code="w">(DLC)  2015270795</subfield><subfield code="w">(OCoLC)936108289</subfield></datafield><datafield ind1="0" ind2=" " tag="777"><subfield code="t">Warwick news</subfield><subfield code="w">(DLC)sn 89074185</subfield></datafield><datafield ind1="0" ind2="0" tag="780"><subfield code="t">Devils Lake weekly world</subfield><subfield code="w">(DLC)sn 88076523</subfield></datafield><datafield ind1="0" ind2="7" tag="785"><subfield code="t">Devils Lake inter-ocean (Devils Lake, N.D. : 1909)</subfield><subfield code="w">(DLC)sn 88076516</subfield></datafield><datafield ind1="0" ind2="7" tag="785"><subfield code="t">Devils Lake world and inter-ocean</subfield><subfield code="w">(DLC)sn 88076525</subfield></datafield><datafield ind1="4" ind2="1" tag="856"><subfield code="u">http://www.loc.gov/chroniclingamerica/lccn/sn88076524/issues</subfield></datafield></record>